@article{kang2012metaqc,
  title={MetaQC: objective quality control and inclusion/exclusion criteria for genomic meta-analysis},
  author={Kang, Dongwan D and Sibille, Etienne and Kaminski, Naftali and Tseng, George C},
  journal={Nucleic acids research},
  volume={40},
  number={2},
  pages={e15--e15},
  year={2012},
  publisher={Oxford Univ Press}
}

@article{shen2010meta,
  title={Meta-analysis for pathway enrichment analysis when combining multiple genomic studies},
  author={Shen, Kui and Tseng, George C},
  journal={Bioinformatics},
  volume={26},
  number={10},
  pages={1316--1323},
  year={2010},
  publisher={Oxford Univ Press}
}

@article{huo2016meta,
  title={Meta-Analytic Framework for Sparse K-Means to Identify Disease Subtypes in Multiple Transcriptomic Studies},
  author={Huo, Zhiguang and Ding, Ying and Liu, Silvia and Oesterreich, Steffi and Tseng, George},
  journal={Journal of the American Statistical Association},
  volume={111},
  number={513},
  pages={27--42},
  year={2016},
  publisher={Taylor \& Francis}
}

@book{fisher1925statistical,
  title={Statistical methods for research workers},
  author={Fisher, Ronald Aylmer},
  year={1925},
  publisher={Genesis Publishing Pvt Ltd}
}

@article{stouffer1949american,
  title={The American soldier: adjustment during army life.(Studies in social psychology in World War II, Vol. 1.).},
  author={Stouffer, Samuel A and Suchman, Edward A and DeVinney, Leland C and Star, Shirley A and Williams Jr, Robin M},
  year={1949},
  publisher={Princeton Univ. Press}
}

@article{li2011adaptively,
  title={An adaptively weighted statistic for detecting differential gene expression when combining multiple transcriptomic studies},
  author={Li, Jia and Tseng, George C and others},
  journal={The Annals of Applied Statistics},
  volume={5},
  number={2A},
  pages={994--1019},
  year={2011},
  publisher={Institute of Mathematical Statistics}
}

@article{choi2003combining,
  title={Combining multiple microarray studies and modeling interstudy variation},
  author={Choi, Jung Kyoon and Yu, Ungsik and Kim, Sangsoo and Yoo, Ook Joon},
  journal={Bioinformatics},
  volume={19},
  number={suppl 1},
  pages={i84--i90},
  year={2003},
  publisher={Oxford Univ Press}
}

@phdthesis{fang2016cpi,
author={Fang, Zhou and Zeng, Xiangrui and Lin, Chien-Wei and Ma, Tianzhou and Tseng, George C},
title={Comparative Pathway Integrator: a framework of meta-analytic integration of multiple transcriptomic studies for consensual and differential pathway analysis},
school={University of Pittsburgh},
year={2016},
addendum={Unpublished}
}
